<?xml version="1.0" encoding="UTF-8"?><collection xmlns="http://www.loc.gov/MARC21/slim"><record><leader>00362nam--2200121-i-4500</leader><controlfield tag="001">000001955</controlfield><controlfield tag="002">20161230</controlfield><controlfield tag="005">20161230201024</controlfield><controlfield tag="008">060222s1000------------r-----000-0-eng-d</controlfield><datafield ind1=" " ind2=" " tag="100"><subfield code="a">Goldfarb, E.M./S.A.</subfield></datafield><datafield ind1=" " ind2=" " tag="245"><subfield code="a">Calculul cuptoarelor de incalzire.sub redactia prof.n.iu.tait.traducere din lb.rusa</subfield></datafield><datafield ind1=" " ind2=" " tag="260"><subfield code="a">Bucuresti, Editura Tehnica, 1960. 510 P</subfield></datafield><datafield ind1=" " ind2=" " tag="852"><subfield code="a">7137</subfield></datafield></record></collection>